@misc{andre,
  title={Neural Unsupervised Reconstruction of Protolanguage Word Forms}, 
  author={Andre He and Nicholas Tomlin and Dan Klein},
  year={2022},
  url = "https://arxiv.org/abs/2211.08684"
}

@book{campbell,
  title={Historical Linguistics: An Introduction},
  author={Lyle Campbell},
  year={2004},
  pages = "4460--4473",
  publisher={Edinburgh University Press}
}

@inproceedings{bouchard,
  title = {Improved reconstruction of protolanguage word forms},
  author = {Alexandre Bouchard-C\^{o}t\'{e} and Thomas L. Griffiths and Dan Klein},
  booktitle = {Proceedings of the North American Chapter of the Association for Computational Linguistics (NAACL09)},
  volume = {7},
  pages = {65--73},
  year = {2009}
}

@inproceedings{meloni,
    title = "Ab Antiquo: Neural Proto-language Reconstruction",
    author = "Meloni, Carlo  and Ravfogel, Shauli  and Goldberg, Yoav",
    booktitle = "Proceedings of the 2021 Conference of the North American Chapter of the Association for Computational Linguistics: Human Language Technologies",
    month = jun,
    year = "2021",
    publisher = "Association for Computational Linguistics",
    url = "https://aclanthology.org/2021.naacl-main.353",
    pages = "4460--4473",
}

@inproceedings{greenville,
    title = {The Austronesian Basic Vocabulary Database: from bioinformatics to lexomics}, 
    author = "Simon J. Greenhill, Robert Blust, Russell D Gray",
    month = nov,
    year={2008},
    publisher = " Evolutionary bioinformatics online" ,
    url= {https://pubmed.ncbi.nlm.nih.gov/19204825/},
    pages = "271–283",
}

@inproceedings{jurafsky_ngram,
 url = "https://web.stanford.edu/~jurafsky/slp3/3.pdf",
 title = {N-gram Language Models},
 author = {Dan Jurafsky and James H. Martin},
 booktitle = {Speech and Language Processing},
 edition = {3}
}

@phdthesis{fourier,
  author      = {Clémentine Fourrier},
  school      = {École Pratique des Hautes Études},
  title       = {Approches neuronales pour la reconstruction de mots historiques},
  year        = {2022},
  month       = {Septembre},
  chapter     = {4. Inspiration from low-resource machine translation},
  url         = {https://hal.inria.fr/tel-03793299v2},
  address     = {PSL, Paris},
  urldate     = {31 Janvier 2023}
}

@misc{bouchard_austro,
    title = {Automated reconstruction of ancient languages using probabilistic models of sound change},
    author = {Alexandre Bouchard-Côté, David Hall, Thomas L. Griffiths and Dan Klein},
    year={2013},
    url={https://www.pnas.org/doi/full/10.1073/pnas.1204678110}
}