@inbook{jurafsky_ffnn,
  author         = {Dan Jurafsky, James H. Martin},
  chapter        = {7},
  booktitle      = {Speech and Language Processing},
  pages          = {},
  url            = {https://web.stanford.edu/~jurafsky/slp3/7},
  institution    = {Stanford University},
  title          = {Neural Networks and Neural Language Models},
  year           = {2023}
}

@phdthesis{fourrier,
  TITLE = {{Neural Approaches to Historical Word Reconstruction}},
  AUTHOR = {Fourrier, Cl{\'e}mentine},
  URL = {https://hal.inria.fr/tel-03793299},
  SCHOOL = {{Universit{\'e} PSL (Paris Sciences \& Lettres)}},
  YEAR = {2022},
  MONTH = Sep,
  KEYWORDS = {Natural Language Processing (NLP) ; Computational linguistics ; Computational etymology ; Historical words reconstruction ; Cognates ; Neural Machine Translation (NMT) ; Traitement Automatique des Langues (TAL) ; Linguistique computationnelle ; Etymologie computationelle ; Re-construction de mots historiques ; Cognats ; Traduction automatique neuronale},
  TYPE = {Theses},
  PDF = {https://hal.inria.fr/tel-03793299v2/file/thesis.pdf},
  HAL_ID = {tel-03793299},
  HAL_VERSION = {v2},
}

@proceedings{bnf_etrusque,
  editor          = {},
  organization    = {BNF},
  series          = {},
  title           = {L'écriture et la langue étrusques : histoire d'un déchiffrement et d'une conquête scientifique en cours},
  url             = {https://www.bnf.fr/fr/agenda/lecriture-et-la-langue-etrusques-histoire-dun-dechiffrement-et-dune-conquete-scientifique-en},
  year            = {2022},
  month           = {3},
}